@online{firebase-docs, 
title={Firebase Documentation},
url={https://firebase.google.com/docs/},
author={Google},
urldate={2021-12-28}
}

@online{maps-docs, 
title={Google Maps Platform Documentation},
url={https://developers.google.com/maps/documentation},
author={Google},
urldate={2021-12-29}
} 

@online{firebase-pricing, 
title={Firebase Pricing},
url={https://firebase.google.com/pricing}, 
author={Google},
urldate={2021-12-28}
} 

@online{stackoverflow-ankieta, 
title={Stack Overflow developer Survey 2021},
url={https://insights.stackoverflow.com/survey/2021}, 
author={Stack Overflow},
urldate={2021-12-28}
} 

@online{statista-mobiles-count, 
title={Number of mobile devices worldwide 2020-2025},
url={https://www.statista.com/statistics/245501/multiple-mobile-device-ownership-worldwide}, 
author={Statista},
urldate={2021-12-30}
}

@online{statista-apps-count, 
title={Biggest app stores in the world 2021},
url={https://www.statista.com/statistics/276623/number-of-apps-available-in-leading-app-stores}, 
author={Statista},
urldate={2021-12-30}
}

@inbook{pragmatic-programmer,
author = {Hunt, Andrew and Thomas, Dave},
year = {2000},
month = {01},
pages = {},
title = {The Pragmatic Programmer},
isbn = {978-0201616224}
}

@article{colors-meaning,
  title={The meaning of colors},
  author={Cerrato, Herman},
  journal={The graphic designer},
  year={2012}
}

@inproceedings{login-methods,
  title={Investigating login features in smartphone apps},
  author={Micallef, Nicholas and Adi, Erwin and Misra, Gaurav},
  booktitle={Proceedings of the 2018 ACM International Joint Conference and 2018 International Symposium on Pervasive and Ubiquitous Computing and Wearable Computers},
  pages={842--851},
  year={2018}
}

@article{social-login,
author = {Gafni, Ruti and Nissim, Dudu},
year = {2014},
month = {01},
pages = {57-72},
title = {To Social Login or not Login? Exploring Factors Affecting the Decision},
volume = {11},
journal = {Issues in Informing Science and Information Technology},
doi = {10.28945/1980}
}

@article{choice-complexity,
author = {Greifeneder, Rainer and Scheibehenne, Benjamin and Kleber, Nina},
year = {2009},
month = {09},
pages = {45-50},
title = {Less may be more when choosing is difficult: Choice complexity and too much choice},
volume = {133},
journal = {Acta psychologica},
doi = {10.1016/j.actpsy.2009.08.005}
}

% sci-hub.ru/10.1177/002224298004400410
@article{rating-scale,
author = {Westbrook, Robert},
year = {1980},
month = {09},
pages = {68-72},
title = {A Rating Scale for Measuring Product/ Service Satisfaction},
volume = {44},
journal = {Journal of Marketing},
doi = {10.1177/002224298004400410}
}

@book{notifications-acceptance,
author = {Westermann, Tilo},
year = {2017},
month = {01},
pages = {},
title = {User Acceptance of Mobile Notifications},
isbn = {978-981-10-3850-1},
doi = {10.1007/978-981-10-3851-8}
}

@online{statcounter, 
title={Statcounter Global Stats},
url={https://gs.statcounter.com/},
urldate={2022-01-10}
}

@article{ratings-presentation,
author = {Lacour, Mark and Serra, Michael},
year = {2021},
month = {10},
pages = {},
title = {Average user ratings prompt disparate decision strategies in online retail shopping},
journal = {Journal of Consumer Behaviour},
doi = {10.1002/cb.1995}
}

@online{flaticon, 
author={Freepik},
title={Flaticon - Vector Icons and Stickers},
url={https://www.flaticon.com/},
urldate={2022-01-11}
}

@online{image:maps-logo, 
author={Google},
title={Logo Google Maps Platform},
url={https://fonts.gstatic.com/s/i/productlogos/maps/v7/192px.svg},
urldate={2022-01-13}
}

@online{image:firebase-logo, 
author={Google},
title={Logo Google Firebase},
url={https://firebase.google.com/downloads/brand-guidelines/PNG/logo-standard.png},
urldate={2022-01-13}
}

@inproceedings{notifications-dismissed,
author = {Pielot, Martin and Vradi, Amalia and Park, Souneil},
year = {2018},
month = {09},
pages = {1-11},
title = {Dismissed!: a detailed exploration of how mobile phone users handle push notifications},
doi = {10.1145/3229434.3229445}
}

@inproceedings{geohash,
  title={Fast and flexible conversion of geohash codes to and from latitude/longitude coordinates},
  author={Moussalli, Roger and Srivatsa, Mudhakar and Asaad, Sameh},
  booktitle={2015 IEEE 23rd Annual International Symposium on Field-Programmable Custom Computing Machines},
  pages={179--186},
  year={2015},
  organization={IEEE}
}

@article{geohash-fancy,
author = {May Petry, Lucas and Leite da Silva, Camila and Esuli, Andrea and Renso, Chiara and Bogorny, Vania},
year = {2020},
month = {01},
pages = {1-23},
title = {MARC: a robust method for multiple-aspect trajectory classification via space, time, and semantic embeddings},
volume = {34},
journal = {International Journal of Geographical Information Science},
doi = {10.1080/13658816.2019.1707835}
}

@online{elasticsearch, 
author={Elastic N.V.},
title={Elasticsearch: The Official Distributed Search \& Analytics Engine | Elastic},
url={https://www.elastic.co/elasticsearch/},
urldate={2022-01-20}
}